<?xml version="1.0" encoding="UTF-8"?><collection xmlns="http://www.loc.gov/MARC21/slim"><record><leader>00461nam--2200181-i-4500</leader><controlfield tag="001">000022680</controlfield><controlfield tag="002">20161230</controlfield><controlfield tag="005">20161230201034</controlfield><controlfield tag="008">060222s1000------------r-----000-0-eng-d</controlfield><datafield ind1=" " ind2=" " tag="040"><subfield code="a">IFIN-HH</subfield></datafield><datafield ind1=" " ind2=" " tag="080"><subfield code="a">535.1</subfield></datafield><datafield ind1="1" ind2=" " tag="100"><subfield code="a">Houghton, J.T</subfield></datafield><datafield ind1="1" ind2="0" tag="245"><subfield code="a">Infra-red physics</subfield><subfield code="c">J.t. houghton; s.d. smith</subfield></datafield><datafield ind1=" " ind2=" " tag="260"><subfield code="a">Oxford</subfield><subfield code="b">At The Clarendon Press</subfield><subfield code="c">1966</subfield></datafield><datafield ind1=" " ind2=" " tag="300"><subfield code="a">XIV + 319P</subfield></datafield><datafield ind1="1" ind2=" " tag="700"><subfield code="a">Smith, S.D</subfield></datafield><datafield ind1=" " ind2=" " tag="852"><subfield code="a">27474</subfield><subfield code="c">535.33</subfield></datafield><datafield ind1=" " ind2=" " tag="CAT"><subfield code="a">Sys</subfield><subfield code="c">20101203</subfield><subfield code="h">092936</subfield></datafield></record></collection>